@online{activityPub,
  author = {Lemmer Webber, Christopher and Tallon, Jessica and Shepherd, Erin and Guy, Amy and Prodromou, Evan},
  title = {{Der ActivityPub Standard}},
  url = {https://www.w3.org/TR/activitypub/},
  note = {Date accessed: 12.12.2018},
  year = {2018}
}
@online{socialWg,
  author = {W3 Consortium},
  title = {{Social Web Working Group}},
  url = {https://www.w3.org/Social/WG},
  note = {Date accessed: 12.12.2018},
  year = {2018}
}
@online{pushSocialWeb,
  author = {W3 Consortium},
  title = {{W3C launches push for social web application interoperability}},
  url = {https://www.w3.org/blog/news/archives/3958},
  note = {Date accessed: 21.07.2014},
  year = {2014}
}
@online{activityStreamsCore,
  author = {Snell, James M. and Prodromou, Evan},
  title = {ActivityStreams 2.0},
  url = {https://www.w3.org/TR/activitystreams-core/},
  note = {Date accessed: 23.05.2017},
  year = {2017}
}
@online{activityStreamsVocabulary,
  author = {Snell, James M. and Prodromou, Evan},
  title = {Activity Vocabulary},
  url = {https://www.w3.org/TR/activitystreams-vocabulary/},
  note = {Date accessed: 23.05.2017},
  year = {2017}
}
@online{jsonld,
  author = {Manu Sporny, Dave Longley, Gregg Kellogg, Markus Lanthaler, Niklas Lindström},
  title = {JSON-LD 1.0},
  url = {https://www.w3.org/TR/json-ld/},
  note = {Date accessed: 16.01.2014},
  year = {2014}
}
@online{bpb-dezentralisierung,
  author = {Bundeszentrale für politische Bildung},
  title = {Dezentralisierung | bpb},
  url = {https://www.bpb.de/nachschlagen/lexika/das-junge-politik-lexikon/204292/dezentralisierung},
  note = {Date accessed: 29.03.2019},
  year = {2019}
}
@online{wikipedia-dezentralisierung-energie,
  author = {Wikipedia},
  title = {Dezentrale Stromerzeugung},
  url = {https://de.wikipedia.org/wiki/Dezentrale_Stromerzeugung},
  note = {Date accessed: 29.03.2019},
  year = {2019}
}
@online{netzwerkeffekt,
  author = {Christian Stobitzer},
  title = {Netzwerkeffekt},
  url = {http://www.wirtschafts-lehre.de/netzwerkeffekte.html},
  note = {Date accessed: 29.12.2018},
  year = {1986}
}
@online{social-wg-charter,
  author = {W3C},
  title = {Social Web Working Group Charter},
  url = {https://www.w3.org/2013/socialweb/social-wg-charter},
  note = {Date accessed: 17.12.2018},
  year = {}
}
@online{uni-jena-url-urn-uri-iri,
  author = {Jan Martin Keil},
  title = {IRI, URI, URL, URN differences},
  url = {http://fusion.cs.uni-jena.de/fusion/blog/2016/11/18/iri-uri-url-urn-and-their-differences/},
  note = {Date accessed: 18.11.2016},
  year = {2016}
}
@online{security-vocab-linked-data,
  author = {Manu Sporny, Digital Bazaar, Inc.},
  title = {The Security Vocabulary},
  url =  {https://web-payments.org/vocabs/security},
  note = {Date accessed: 22.04.2016},
  year = {2016}
}
@online{ietf-profile-media,
  author = {E. Wilde},
  title = {The 'profile' Link Relation Type - Profiles and Media Types},
  url =  {https://tools.ietf.org/html/rfc6906#section-3.1},
  note = {Date accessed: 03.2013},
  year = {2016}
}
@online{data-integrity,
  author = {Lipinski, Lackner, P. Laué, Kafka, Niemann, Raasch, Schoon, Radonic},
  title = {Datenintegrität},
  url = {https://www.itwissen.info/Datenintegritaet-data-integrity.html},
  note = {Date accessed: 15.01.2019},
  year = {2017}
}
@online{fediverse,
	author = {Fediverse Gemeinschaft},
	title = {Fediverse},
	url = {https://fediverse.party/en/fediverse/},
	note = {Date accessed: 17.01.2019},
	year = {2019}
}
@online{fediverse-report,
	author = {Fediverse Gemeinschaft},
	title = {Fediverse Network Report 2018},
	url = {https://fediverse.network/reports/2018},
	note = {Date accessed: 17.01.2019},
	year = {2019}
}
@online{oauth2,
	author = {M. Jones, D. Hardt},
	title = {RFC 6750 - OAuth 2.0 Authorization Framework: Bearer Tokens Usage},
	url = {https://tools.ietf.org/html/rfc6750},
	note = {Date accessed: 24.01.2019},
	year = {2019}
}
@online{http-signature,
	author = {W3C Consortium},
	title = {HTTP Signatures},
	url = {https://tools.ietf.org/id/draft-cavage-http-signatures-01.html},
	note = {Date accesed: 14.03.2019},
	year = {2014}
}
@online{wikipedia-social-network-sociology,
	author = {Wikipedia},
	title = {Soziales Netzwerk (Soziologie)},
	url = {https://de.wikipedia.org/wiki/Soziales_Netzwerk_(Soziologie)},
	note = {Date accessed: 14.03.2019},
	year = {2018}
}
@online{hagengraf,
	author = {hagengraf},
	title = {Zentrale, dezentrale, verteilte Systeme},
	url = {https://blog.novatrend.ch/2017/12/25/zentrale-dezentrale-und-verteilte-systeme/},
	note = {Date accessed: 14.03.2019},
	year = {2017}
}
@online{bsi-empfehlungen,
	author = {Bundesamt f ̈ur Sicherheit in der Informationstechnik},
	title = {Kryptographische Verfahren: Empfehlungen und Schlüssellängen},
	url = {https://www.bsi.bund.de/SharedDocs/Downloads/DE/BSI/Publikationen/TechnischeRichtlinien/TR02102/BSI-TR-02102.pdf?__blob=publicationFile&v=10#table.4.1},
	note = {Date accessed: 18.03.2019},
	year = {2019}
}
@online{cucumber,
	author = {Cucumber Gemeinschaft},
	title = {BDD Overview},
	url = {https://docs.cucumber.io/bdd/overview/},
	note = {Date accessed: 19.03.2019},
	year = {2019}
}
@online{diaspora-about,
	author = {Diaspora Gemeinschaft},
	title = {Über - Das Projekt Diaspora*},
	url = {https://diasporafoundation.org/about},
	note = {Date accessed: 30.03.2019},
	year = {2019}
}
@online{diaspora-introduction,
	author = {Diaspora Gemeinschaft},
	title = {An introduction to the Diaspora source - diaspora* project wik},
	url = {https://wiki.diasporafoundation.org/An_introduction_to_the_Diaspora_source},
	note = {Date accessed: 30.03.2019},
	year = {2019}
}
@online{oauth-1.0-protocol,
	author = {E. Hammer-Lahav},
	title = {RFC 5849 - The OAuth 1.0 Protocol},
	url = {https://tools.ietf.org/html/rfc5849},
	note = {Date accessed: 30.03.2019},
	year = {2019}
}
@online{web-host-meta,
	author = {E. Hammer-Lahav},
	title = {RFC 6415 - Web Host Metadata},
	url = {https://tools.ietf.org/html/rfc6415},
	note = {Date accessed: 30.03.2019},
	year = {2019}
}
@online{neo4j,
	author = {Neo4j Inc.},
	title = {Why Graph Databases? - Neo4j Graph Database Platform},
	url = {https://neo4j.com/why-graph-databases/},
	note = {Date accessed: 01.04.2019},
	year = {2019}
}
@online{graphql,
	author = {Facebook Open Source},
	title = {GraphQL | A query language for your API},
	url = {https://graphql.org/},
	note = {Date accessed: 01.04.2019},
	year = {2019}
}
@book{kryptographie,
	author = {Wätjen, Dietmar},
	title = {Kryptographie},
	year = {2018},
	publisher = {Springer Vieweg}
}
@book{distributed-systems,
	author = {Tanenbaum, Andrew S., Maarten van Steen},
	title = {Verteilte Systeme},
	year = {2008},
	publisher = {Pearson Studium}
}